<?xml version="1.0" encoding="UTF-8"?><collection xmlns="http://www.loc.gov/MARC21/slim"><record><leader>00427nam--2200145-i-4500</leader><controlfield tag="001">000002973</controlfield><controlfield tag="002">20161230</controlfield><controlfield tag="005">20161230201025</controlfield><controlfield tag="008">060222s1000------------r-----000-0-eng-d</controlfield><datafield ind1=" " ind2=" " tag="080"><subfield code="a">51.01(082.1):517.1:061.3</subfield></datafield><datafield ind1=" " ind2=" " tag="100"><subfield code="a">Beth, E.W</subfield></datafield><datafield ind1=" " ind2=" " tag="245"><subfield code="a">L existence en mathematiques. conferences.....  a la sorbonne.</subfield></datafield><datafield ind1=" " ind2=" " tag="260"><subfield code="a">Paris,Guathier-villars, 1956. 61 P</subfield></datafield><datafield ind1=" " ind2=" " tag="490"><subfield code="a">Collectionde Logique Mathemathique Seria A</subfield></datafield><datafield ind1=" " ind2=" " tag="852"><subfield code="a">11721</subfield></datafield></record></collection>